%YAML 1.1
%TAG !u! tag:unity3d.com,2011:
--- !u!29 &1
OcclusionCullingSettings:
  m_ObjectHideFlags: 0
  serializedVersion: 2
  m_OcclusionBakeSettings:
    smallestOccluder: 5
    smallestHole: 0.25
    backfaceThreshold: 100
  m_SceneGUID: 00000000000000000000000000000000
  m_OcclusionCullingData: {fileID: 0}
--- !u!104 &2
RenderSettings:
  m_ObjectHideFlags: 0
  serializedVersion: 8
  m_Fog: 0
  m_FogColor: {r: 0.5, g: 0.5, b: 0.5, a: 1}
  m_FogMode: 3
  m_FogDensity: 0.01
  m_LinearFogStart: 0
  m_LinearFogEnd: 300
  m_AmbientSkyColor: {r: 0.212, g: 0.227, b: 0.259, a: 1}
  m_AmbientEquatorColor: {r: 0.114, g: 0.125, b: 0.133, a: 1}
  m_AmbientGroundColor: {r: 0.047, g: 0.043, b: 0.035, a: 1}
  m_AmbientIntensity: 1
  m_AmbientMode: 3
  m_SubtractiveShadowColor: {r: 0.42, g: 0.478, b: 0.627, a: 1}
  m_SkyboxMaterial: {fileID: 0}
  m_HaloStrength: 0.5
  m_FlareStrength: 1
  m_FlareFadeSpeed: 3
  m_HaloTexture: {fileID: 0}
  m_SpotCookie: {fileID: 10001, guid: 0000000000000000e000000000000000, type: 0}
  m_DefaultReflectionMode: 0
  m_DefaultReflectionResolution: 128
  m_ReflectionBounces: 1
  m_ReflectionIntensity: 1
  m_CustomReflection: {fileID: 0}
  m_Sun: {fileID: 0}
  m_IndirectSpecularColor: {r: 0, g: 0, b: 0, a: 1}
--- !u!157 &3
LightmapSettings:
  m_ObjectHideFlags: 0
  serializedVersion: 11
  m_GIWorkflowMode: 1
  m_GISettings:
    serializedVersion: 2
    m_BounceScale: 1
    m_IndirectOutputScale: 1
    m_AlbedoBoost: 1
    m_TemporalCoherenceThreshold: 1
    m_EnvironmentLightingMode: 0
    m_EnableBakedLightmaps: 0
    m_EnableRealtimeLightmaps: 0
  m_LightmapEditorSettings:
    serializedVersion: 9
    m_Resolution: 2
    m_BakeResolution: 40
    m_TextureWidth: 1024
    m_TextureHeight: 1024
    m_AO: 0
    m_AOMaxDistance: 1
    m_CompAOExponent: 1
    m_CompAOExponentDirect: 0
    m_Padding: 2
    m_LightmapParameters: {fileID: 0}
    m_LightmapsBakeMode: 1
    m_TextureCompression: 1
    m_FinalGather: 0
    m_FinalGatherFiltering: 1
    m_FinalGatherRayCount: 256
    m_ReflectionCompression: 2
    m_MixedBakeMode: 2
    m_BakeBackend: 0
    m_PVRSampling: 1
    m_PVRDirectSampleCount: 32
    m_PVRSampleCount: 500
    m_PVRBounces: 2
    m_PVRFilterTypeDirect: 0
    m_PVRFilterTypeIndirect: 0
    m_PVRFilterTypeAO: 0
    m_PVRFilteringMode: 1
    m_PVRCulling: 1
    m_PVRFilteringGaussRadiusDirect: 1
    m_PVRFilteringGaussRadiusIndirect: 5
    m_PVRFilteringGaussRadiusAO: 2
    m_PVRFilteringAtrousPositionSigmaDirect: 0.5
    m_PVRFilteringAtrousPositionSigmaIndirect: 2
    m_PVRFilteringAtrousPositionSigmaAO: 1
    m_ShowResolutionOverlay: 1
  m_LightingDataAsset: {fileID: 0}
  m_UseShadowmask: 1
--- !u!196 &4
NavMeshSettings:
  serializedVersion: 2
  m_ObjectHideFlags: 0
  m_BuildSettings:
    serializedVersion: 2
    agentTypeID: 0
    agentRadius: 0.5
    agentHeight: 2
    agentSlope: 45
    agentClimb: 0.4
    ledgeDropHeight: 0
    maxJumpAcrossDistance: 0
    minRegionArea: 2
    manualCellSize: 0
    cellSize: 0.16666667
    manualTileSize: 0
    tileSize: 256
    accuratePlacement: 0
    debug:
      m_Flags: 0
  m_NavMeshData: {fileID: 0}
--- !u!1 &69041835
GameObject:
  m_ObjectHideFlags: 0
  m_PrefabParentObject: {fileID: 1491541824252704, guid: 683e40feca98f374391b042b9848daed,
    type: 2}
  m_PrefabInternal: {fileID: 0}
  serializedVersion: 5
  m_Component:
  - component: {fileID: 69041836}
  - component: {fileID: 69041838}
  - component: {fileID: 69041837}
  m_Layer: 5
  m_Name: Correct text
  m_TagString: Untagged
  m_Icon: {fileID: 0}
  m_NavMeshLayer: 0
  m_StaticEditorFlags: 0
  m_IsActive: 1
--- !u!224 &69041836
RectTransform:
  m_ObjectHideFlags: 0
  m_PrefabParentObject: {fileID: 224378304518779168, guid: 683e40feca98f374391b042b9848daed,
    type: 2}
  m_PrefabInternal: {fileID: 0}
  m_GameObject: {fileID: 69041835}
  m_LocalRotation: {x: -0, y: -0, z: -0, w: 1}
  m_LocalPosition: {x: 0, y: 0, z: 0}
  m_LocalScale: {x: 1, y: 1, z: 1}
  m_Children: []
  m_Father: {fileID: 1636212230}
  m_RootOrder: 5
  m_LocalEulerAnglesHint: {x: 0, y: 0, z: 0}
  m_AnchorMin: {x: 0, y: 0.6797976}
  m_AnchorMax: {x: 1, y: 0.92700005}
  m_AnchoredPosition: {x: 0, y: 0}
  m_SizeDelta: {x: 0, y: 0}
  m_Pivot: {x: 0.5, y: 0.5}
--- !u!114 &69041837
MonoBehaviour:
  m_ObjectHideFlags: 0
  m_PrefabParentObject: {fileID: 114100573374255454, guid: 683e40feca98f374391b042b9848daed,
    type: 2}
  m_PrefabInternal: {fileID: 0}
  m_GameObject: {fileID: 69041835}
  m_Enabled: 1
  m_EditorHideFlags: 0
  m_Script: {fileID: 708705254, guid: f70555f144d8491a825f0804e09c671c, type: 3}
  m_Name: 
  m_EditorClassIdentifier: 
  m_Material: {fileID: 0}
  m_Color: {r: 0, g: 0.75735295, b: 0.036561932, a: 0}
  m_RaycastTarget: 0
  m_OnCullStateChanged:
    m_PersistentCalls:
      m_Calls: []
    m_TypeName: UnityEngine.UI.MaskableGraphic+CullStateChangedEvent, UnityEngine.UI,
      Version=1.0.0.0, Culture=neutral, PublicKeyToken=null
  m_FontData:
    m_Font: {fileID: 10102, guid: 0000000000000000e000000000000000, type: 0}
    m_FontSize: 14
    m_FontStyle: 1
    m_BestFit: 1
    m_MinSize: 10
    m_MaxSize: 300
    m_Alignment: 4
    m_AlignByGeometry: 0
    m_RichText: 1
    m_HorizontalOverflow: 0
    m_VerticalOverflow: 0
    m_LineSpacing: 1
  m_Text: Correct!
--- !u!222 &69041838
CanvasRenderer:
  m_ObjectHideFlags: 0
  m_PrefabParentObject: {fileID: 222855976219197760, guid: 683e40feca98f374391b042b9848daed,
    type: 2}
  m_PrefabInternal: {fileID: 0}
  m_GameObject: {fileID: 69041835}
--- !u!1 &75089183
GameObject:
  m_ObjectHideFlags: 0
  m_PrefabParentObject: {fileID: 0}
  m_PrefabInternal: {fileID: 0}
  serializedVersion: 5
  m_Component:
  - component: {fileID: 75089184}
  - component: {fileID: 75089186}
  - component: {fileID: 75089185}
  m_Layer: 5
  m_Name: Correct Text
  m_TagString: Untagged
  m_Icon: {fileID: 0}
  m_NavMeshLayer: 0
  m_StaticEditorFlags: 0
  m_IsActive: 1
--- !u!224 &75089184
RectTransform:
  m_ObjectHideFlags: 0
  m_PrefabParentObject: {fileID: 0}
  m_PrefabInternal: {fileID: 0}
  m_GameObject: {fileID: 75089183}
  m_LocalRotation: {x: 0, y: 0, z: 0, w: 1}
  m_LocalPosition: {x: 0, y: 0, z: 0}
  m_LocalScale: {x: 1, y: 1, z: 1}
  m_Children: []
  m_Father: {fileID: 926680022}
  m_RootOrder: 1
  m_LocalEulerAnglesHint: {x: 0, y: 0, z: 0}
  m_AnchorMin: {x: 0.041336283, y: 0.61688024}
  m_AnchorMax: {x: 0.98031604, y: 0.88232124}
  m_AnchoredPosition: {x: 0, y: 0}
  m_SizeDelta: {x: 0, y: 0}
  m_Pivot: {x: 0.5, y: 0.5}
--- !u!114 &75089185
MonoBehaviour:
  m_ObjectHideFlags: 0
  m_PrefabParentObject: {fileID: 0}
  m_PrefabInternal: {fileID: 0}
  m_GameObject: {fileID: 75089183}
  m_Enabled: 1
  m_EditorHideFlags: 0
  m_Script: {fileID: 708705254, guid: f5f67c52d1564df4a8936ccd202a3bd8, type: 3}
  m_Name: 
  m_EditorClassIdentifier: 
  m_Material: {fileID: 0}
  m_Color: {r: 0.048529476, g: 0.6397059, b: 0, a: 0}
  m_RaycastTarget: 0
  m_OnCullStateChanged:
    m_PersistentCalls:
      m_Calls: []
    m_TypeName: UnityEngine.UI.MaskableGraphic+CullStateChangedEvent, UnityEngine.UI,
      Version=1.0.0.0, Culture=neutral, PublicKeyToken=null
  m_FontData:
    m_Font: {fileID: 10102, guid: 0000000000000000e000000000000000, type: 0}
    m_FontSize: 14
    m_FontStyle: 1
    m_BestFit: 1
    m_MinSize: 10
    m_MaxSize: 300
    m_Alignment: 4
    m_AlignByGeometry: 0
    m_RichText: 0
    m_HorizontalOverflow: 0
    m_VerticalOverflow: 0
    m_LineSpacing: 1
  m_Text: Correct!
--- !u!222 &75089186
CanvasRenderer:
  m_ObjectHideFlags: 0
  m_PrefabParentObject: {fileID: 0}
  m_PrefabInternal: {fileID: 0}
  m_GameObject: {fileID: 75089183}
--- !u!1 &110284528
GameObject:
  m_ObjectHideFlags: 0
  m_PrefabParentObject: {fileID: 0}
  m_PrefabInternal: {fileID: 0}
  serializedVersion: 5
  m_Component:
  - component: {fileID: 110284529}
  - component: {fileID: 110284531}
  - component: {fileID: 110284530}
  m_Layer: 5
  m_Name: Percentage Label
  m_TagString: Untagged
  m_Icon: {fileID: 0}
  m_NavMeshLayer: 0
  m_StaticEditorFlags: 0
  m_IsActive: 1
--- !u!224 &110284529
RectTransform:
  m_ObjectHideFlags: 0
  m_PrefabParentObject: {fileID: 0}
  m_PrefabInternal: {fileID: 0}
  m_GameObject: {fileID: 110284528}
  m_LocalRotation: {x: 0, y: 0, z: 0, w: 1}
  m_LocalPosition: {x: 0, y: 0, z: 0}
  m_LocalScale: {x: 1, y: 1, z: 1}
  m_Children: []
  m_Father: {fileID: 1403488176}
  m_RootOrder: 1
  m_LocalEulerAnglesHint: {x: 0, y: 0, z: 0}
  m_AnchorMin: {x: 0.24825926, y: 0.446}
  m_AnchorMax: {x: 0.7741656, y: 0.72400004}
  m_AnchoredPosition: {x: -9.5, y: 0}
  m_SizeDelta: {x: -19, y: 0}
  m_Pivot: {x: 0.5, y: 0.5}
--- !u!114 &110284530
MonoBehaviour:
  m_ObjectHideFlags: 0
  m_PrefabParentObject: {fileID: 0}
  m_PrefabInternal: {fileID: 0}
  m_GameObject: {fileID: 110284528}
  m_Enabled: 1
  m_EditorHideFlags: 0
  m_Script: {fileID: 708705254, guid: f70555f144d8491a825f0804e09c671c, type: 3}
  m_Name: 
  m_EditorClassIdentifier: 
  m_Material: {fileID: 0}
  m_Color: {r: 0, g: 0, b: 0, a: 1}
  m_RaycastTarget: 1
  m_OnCullStateChanged:
    m_PersistentCalls:
      m_Calls: []
    m_TypeName: UnityEngine.UI.MaskableGraphic+CullStateChangedEvent, UnityEngine.UI,
      Version=1.0.0.0, Culture=neutral, PublicKeyToken=null
  m_FontData:
    m_Font: {fileID: 10102, guid: 0000000000000000e000000000000000, type: 0}
    m_FontSize: 300
    m_FontStyle: 1
    m_BestFit: 1
    m_MinSize: 3
    m_MaxSize: 300
    m_Alignment: 1
    m_AlignByGeometry: 0
    m_RichText: 1
    m_HorizontalOverflow: 0
    m_VerticalOverflow: 0
    m_LineSpacing: 1
  m_Text: 
--- !u!222 &110284531
CanvasRenderer:
  m_ObjectHideFlags: 0
  m_PrefabParentObject: {fileID: 0}
  m_PrefabInternal: {fileID: 0}
  m_GameObject: {fileID: 110284528}
--- !u!1 &200571137
GameObject:
  m_ObjectHideFlags: 0
  m_PrefabParentObject: {fileID: 0}
  m_PrefabInternal: {fileID: 0}
  serializedVersion: 5
  m_Component:
  - component: {fileID: 200571140}
  - component: {fileID: 200571139}
  - component: {fileID: 200571138}
  m_Layer: 0
  m_Name: EventSystem
  m_TagString: Untagged
  m_Icon: {fileID: 0}
  m_NavMeshLayer: 0
  m_StaticEditorFlags: 0
  m_IsActive: 1
--- !u!114 &200571138
MonoBehaviour:
  m_ObjectHideFlags: 0
  m_PrefabParentObject: {fileID: 0}
  m_PrefabInternal: {fileID: 0}
  m_GameObject: {fileID: 200571137}
  m_Enabled: 1
  m_EditorHideFlags: 0
  m_Script: {fileID: 1077351063, guid: f5f67c52d1564df4a8936ccd202a3bd8, type: 3}
  m_Name: 
  m_EditorClassIdentifier: 
  m_HorizontalAxis: Horizontal
  m_VerticalAxis: Vertical
  m_SubmitButton: Submit
  m_CancelButton: Cancel
  m_InputActionsPerSecond: 10
  m_RepeatDelay: 0.5
  m_ForceModuleActive: 0
--- !u!114 &200571139
MonoBehaviour:
  m_ObjectHideFlags: 0
  m_PrefabParentObject: {fileID: 0}
  m_PrefabInternal: {fileID: 0}
  m_GameObject: {fileID: 200571137}
  m_Enabled: 1
  m_EditorHideFlags: 0
  m_Script: {fileID: -619905303, guid: f5f67c52d1564df4a8936ccd202a3bd8, type: 3}
  m_Name: 
  m_EditorClassIdentifier: 
  m_FirstSelected: {fileID: 0}
  m_sendNavigationEvents: 1
  m_DragThreshold: 5
--- !u!4 &200571140
Transform:
  m_ObjectHideFlags: 0
  m_PrefabParentObject: {fileID: 0}
  m_PrefabInternal: {fileID: 0}
  m_GameObject: {fileID: 200571137}
  m_LocalRotation: {x: 0, y: 0, z: 0, w: 1}
  m_LocalPosition: {x: 0, y: 0, z: 0}
  m_LocalScale: {x: 1, y: 1, z: 1}
  m_Children: []
  m_Father: {fileID: 0}
  m_RootOrder: 2
  m_LocalEulerAnglesHint: {x: 0, y: 0, z: 0}
--- !u!1001 &345875318
Prefab:
  m_ObjectHideFlags: 0
  serializedVersion: 2
  m_Modification:
    m_TransformParent: {fileID: 2074826361}
    m_Modifications:
    - target: {fileID: 224422132042271620, guid: da3f4894ba7310349b3dfa8d3f1fd18f,
        type: 2}
      propertyPath: m_LocalPosition.x
      value: 0
      objectReference: {fileID: 0}
    - target: {fileID: 224422132042271620, guid: da3f4894ba7310349b3dfa8d3f1fd18f,
        type: 2}
      propertyPath: m_LocalPosition.y
      value: 0
      objectReference: {fileID: 0}
    - target: {fileID: 224422132042271620, guid: da3f4894ba7310349b3dfa8d3f1fd18f,
        type: 2}
      propertyPath: m_LocalPosition.z
      value: 0
      objectReference: {fileID: 0}
    - target: {fileID: 224422132042271620, guid: da3f4894ba7310349b3dfa8d3f1fd18f,
        type: 2}
      propertyPath: m_LocalRotation.x
      value: -0
      objectReference: {fileID: 0}
    - target: {fileID: 224422132042271620, guid: da3f4894ba7310349b3dfa8d3f1fd18f,
        type: 2}
      propertyPath: m_LocalRotation.y
      value: -0
      objectReference: {fileID: 0}
    - target: {fileID: 224422132042271620, guid: da3f4894ba7310349b3dfa8d3f1fd18f,
        type: 2}
      propertyPath: m_LocalRotation.z
      value: -0
      objectReference: {fileID: 0}
    - target: {fileID: 224422132042271620, guid: da3f4894ba7310349b3dfa8d3f1fd18f,
        type: 2}
      propertyPath: m_LocalRotation.w
      value: 1
      objectReference: {fileID: 0}
    - target: {fileID: 224422132042271620, guid: da3f4894ba7310349b3dfa8d3f1fd18f,
        type: 2}
      propertyPath: m_RootOrder
      value: 0
      objectReference: {fileID: 0}
    - target: {fileID: 224422132042271620, guid: da3f4894ba7310349b3dfa8d3f1fd18f,
        type: 2}
      propertyPath: m_AnchoredPosition.x
      value: 0
      objectReference: {fileID: 0}
    - target: {fileID: 224422132042271620, guid: da3f4894ba7310349b3dfa8d3f1fd18f,
        type: 2}
      propertyPath: m_AnchoredPosition.y
      value: 0
      objectReference: {fileID: 0}
    - target: {fileID: 224422132042271620, guid: da3f4894ba7310349b3dfa8d3f1fd18f,
        type: 2}
      propertyPath: m_SizeDelta.x
      value: 0
      objectReference: {fileID: 0}
    - target: {fileID: 224422132042271620, guid: da3f4894ba7310349b3dfa8d3f1fd18f,
        type: 2}
      propertyPath: m_SizeDelta.y
      value: 0
      objectReference: {fileID: 0}
    - target: {fileID: 224422132042271620, guid: da3f4894ba7310349b3dfa8d3f1fd18f,
        type: 2}
      propertyPath: m_AnchorMin.x
      value: 0
      objectReference: {fileID: 0}
    - target: {fileID: 224422132042271620, guid: da3f4894ba7310349b3dfa8d3f1fd18f,
        type: 2}
      propertyPath: m_AnchorMin.y
      value: 0
      objectReference: {fileID: 0}
    - target: {fileID: 224422132042271620, guid: da3f4894ba7310349b3dfa8d3f1fd18f,
        type: 2}
      propertyPath: m_AnchorMax.x
      value: 1
      objectReference: {fileID: 0}
    - target: {fileID: 224422132042271620, guid: da3f4894ba7310349b3dfa8d3f1fd18f,
        type: 2}
      propertyPath: m_AnchorMax.y
      value: 1
      objectReference: {fileID: 0}
    - target: {fileID: 224422132042271620, guid: da3f4894ba7310349b3dfa8d3f1fd18f,
        type: 2}
      propertyPath: m_Pivot.x
      value: 0.5
      objectReference: {fileID: 0}
    - target: {fileID: 224422132042271620, guid: da3f4894ba7310349b3dfa8d3f1fd18f,
        type: 2}
      propertyPath: m_Pivot.y
      value: 0.5
      objectReference: {fileID: 0}
    - target: {fileID: 95161948285756336, guid: da3f4894ba7310349b3dfa8d3f1fd18f,
        type: 2}
      propertyPath: m_Controller
      value: 
      objectReference: {fileID: 9100000, guid: d033a97b37bc32045962ba023fe03a23, type: 2}
    - target: {fileID: 224439472880128852, guid: da3f4894ba7310349b3dfa8d3f1fd18f,
        type: 2}
      propertyPath: m_AnchorMax.y
      value: 0.21413955
      objectReference: {fileID: 0}
    - target: {fileID: 224439472880128852, guid: da3f4894ba7310349b3dfa8d3f1fd18f,
        type: 2}
      propertyPath: m_AnchoredPosition.y
      value: 0
      objectReference: {fileID: 0}
    - target: {fileID: 224439472880128852, guid: da3f4894ba7310349b3dfa8d3f1fd18f,
        type: 2}
      propertyPath: m_SizeDelta.y
      value: 0
      objectReference: {fileID: 0}
    - target: {fileID: 224439472880128852, guid: da3f4894ba7310349b3dfa8d3f1fd18f,
        type: 2}
      propertyPath: m_AnchorMax.x
      value: 0.84853727
      objectReference: {fileID: 0}
    - target: {fileID: 224439472880128852, guid: da3f4894ba7310349b3dfa8d3f1fd18f,
        type: 2}
      propertyPath: m_AnchoredPosition.x
      value: 0
      objectReference: {fileID: 0}
    - target: {fileID: 224439472880128852, guid: da3f4894ba7310349b3dfa8d3f1fd18f,
        type: 2}
      propertyPath: m_SizeDelta.x
      value: 0
      objectReference: {fileID: 0}
    - target: {fileID: 224439472880128852, guid: da3f4894ba7310349b3dfa8d3f1fd18f,
        type: 2}
      propertyPath: m_AnchorMin.y
      value: 0.11913954
      objectReference: {fileID: 0}
    - target: {fileID: 224439472880128852, guid: da3f4894ba7310349b3dfa8d3f1fd18f,
        type: 2}
      propertyPath: m_AnchorMin.x
      value: 0.15126446
      objectReference: {fileID: 0}
    m_RemovedComponents: []
  m_ParentPrefab: {fileID: 100100000, guid: da3f4894ba7310349b3dfa8d3f1fd18f, type: 2}
  m_IsPrefabParent: 0
--- !u!224 &345875319 stripped
RectTransform:
  m_PrefabParentObject: {fileID: 224791724479280350, guid: da3f4894ba7310349b3dfa8d3f1fd18f,
    type: 2}
  m_PrefabInternal: {fileID: 345875318}
--- !u!1 &498446048
GameObject:
  m_ObjectHideFlags: 0
  m_PrefabParentObject: {fileID: 0}
  m_PrefabInternal: {fileID: 0}
  serializedVersion: 5
  m_Component:
  - component: {fileID: 498446049}
  - component: {fileID: 498446051}
  - component: {fileID: 498446050}
  m_Layer: 5
  m_Name: Credits
  m_TagString: Untagged
  m_Icon: {fileID: 0}
  m_NavMeshLayer: 0
  m_StaticEditorFlags: 0
  m_IsActive: 1
--- !u!224 &498446049
RectTransform:
  m_ObjectHideFlags: 0
  m_PrefabParentObject: {fileID: 0}
  m_PrefabInternal: {fileID: 0}
  m_GameObject: {fileID: 498446048}
  m_LocalRotation: {x: -0, y: -0, z: -0, w: 1}
  m_LocalPosition: {x: 0, y: 0, z: 0}
  m_LocalScale: {x: 1, y: 1, z: 1}
  m_Children: []
  m_Father: {fileID: 345875319}
  m_RootOrder: 3
  m_LocalEulerAnglesHint: {x: 0, y: 0, z: 0}
  m_AnchorMin: {x: 0.101740755, y: 0.017720932}
  m_AnchorMax: {x: 0.8982037, y: 0.09930232}
  m_AnchoredPosition: {x: 0, y: 0}
  m_SizeDelta: {x: 0, y: 0}
  m_Pivot: {x: 0.5, y: 0.5}
--- !u!114 &498446050
MonoBehaviour:
  m_ObjectHideFlags: 0
  m_PrefabParentObject: {fileID: 0}
  m_PrefabInternal: {fileID: 0}
  m_GameObject: {fileID: 498446048}
  m_Enabled: 1
  m_EditorHideFlags: 0
  m_Script: {fileID: 708705254, guid: f5f67c52d1564df4a8936ccd202a3bd8, type: 3}
  m_Name: 
  m_EditorClassIdentifier: 
  m_Material: {fileID: 0}
  m_Color: {r: 0.19607843, g: 0.19607843, b: 0.19607843, a: 1}
  m_RaycastTarget: 1
  m_OnCullStateChanged:
    m_PersistentCalls:
      m_Calls: []
    m_TypeName: UnityEngine.UI.MaskableGraphic+CullStateChangedEvent, UnityEngine.UI,
      Version=1.0.0.0, Culture=neutral, PublicKeyToken=null
  m_FontData:
    m_Font: {fileID: 10102, guid: 0000000000000000e000000000000000, type: 0}
    m_FontSize: 14
    m_FontStyle: 0
    m_BestFit: 1
    m_MinSize: 10
    m_MaxSize: 40
    m_Alignment: 1
    m_AlignByGeometry: 0
    m_RichText: 1
    m_HorizontalOverflow: 0
    m_VerticalOverflow: 0
    m_LineSpacing: 1
  m_Text: 'Project By: Adam Gresham

    For the American Band College

    of Central Washington University'
--- !u!222 &498446051
CanvasRenderer:
  m_ObjectHideFlags: 0
  m_PrefabParentObject: {fileID: 0}
  m_PrefabInternal: {fileID: 0}
  m_GameObject: {fileID: 498446048}
--- !u!224 &586451814 stripped
RectTransform:
  m_PrefabParentObject: {fileID: 224422132042271620, guid: da3f4894ba7310349b3dfa8d3f1fd18f,
    type: 2}
  m_PrefabInternal: {fileID: 345875318}
--- !u!114 &586451815 stripped
MonoBehaviour:
  m_PrefabParentObject: {fileID: 114027942794425830, guid: da3f4894ba7310349b3dfa8d3f1fd18f,
    type: 2}
  m_PrefabInternal: {fileID: 345875318}
  m_Script: {fileID: 11500000, guid: b22cd4c983da1094d900fb4e2ad948c3, type: 3}
--- !u!1 &786679485
GameObject:
  m_ObjectHideFlags: 0
  m_PrefabParentObject: {fileID: 0}
  m_PrefabInternal: {fileID: 0}
  serializedVersion: 5
  m_Component:
  - component: {fileID: 786679489}
  - component: {fileID: 786679488}
  - component: {fileID: 786679487}
  - component: {fileID: 786679486}
  m_Layer: 5
  m_Name: Canvas
  m_TagString: Untagged
  m_Icon: {fileID: 0}
  m_NavMeshLayer: 0
  m_StaticEditorFlags: 0
  m_IsActive: 1
--- !u!114 &786679486
MonoBehaviour:
  m_ObjectHideFlags: 0
  m_PrefabParentObject: {fileID: 0}
  m_PrefabInternal: {fileID: 0}
  m_GameObject: {fileID: 786679485}
  m_Enabled: 1
  m_EditorHideFlags: 0
  m_Script: {fileID: 1301386320, guid: f5f67c52d1564df4a8936ccd202a3bd8, type: 3}
  m_Name: 
  m_EditorClassIdentifier: 
  m_IgnoreReversedGraphics: 1
  m_BlockingObjects: 0
  m_BlockingMask:
    serializedVersion: 2
    m_Bits: 4294967295
--- !u!114 &786679487
MonoBehaviour:
  m_ObjectHideFlags: 0
  m_PrefabParentObject: {fileID: 0}
  m_PrefabInternal: {fileID: 0}
  m_GameObject: {fileID: 786679485}
  m_Enabled: 1
  m_EditorHideFlags: 0
  m_Script: {fileID: 1980459831, guid: f5f67c52d1564df4a8936ccd202a3bd8, type: 3}
  m_Name: 
  m_EditorClassIdentifier: 
  m_UiScaleMode: 0
  m_ReferencePixelsPerUnit: 100
  m_ScaleFactor: 1
  m_ReferenceResolution: {x: 800, y: 600}
  m_ScreenMatchMode: 0
  m_MatchWidthOrHeight: 0
  m_PhysicalUnit: 3
  m_FallbackScreenDPI: 96
  m_DefaultSpriteDPI: 96
  m_DynamicPixelsPerUnit: 1
--- !u!223 &786679488
Canvas:
  m_ObjectHideFlags: 0
  m_PrefabParentObject: {fileID: 0}
  m_PrefabInternal: {fileID: 0}
  m_GameObject: {fileID: 786679485}
  m_Enabled: 1
  serializedVersion: 3
  m_RenderMode: 0
  m_Camera: {fileID: 0}
  m_PlaneDistance: 100
  m_PixelPerfect: 1
  m_ReceivesEvents: 1
  m_OverrideSorting: 0
  m_OverridePixelPerfect: 0
  m_SortingBucketNormalizedSize: 0
  m_AdditionalShaderChannelsFlag: 0
  m_SortingLayerID: 0
  m_SortingOrder: 0
  m_TargetDisplay: 0
--- !u!224 &786679489
RectTransform:
  m_ObjectHideFlags: 0
  m_PrefabParentObject: {fileID: 0}
  m_PrefabInternal: {fileID: 0}
  m_GameObject: {fileID: 786679485}
  m_LocalRotation: {x: 0, y: 0, z: 0, w: 1}
  m_LocalPosition: {x: 0, y: 0, z: 0}
  m_LocalScale: {x: 0, y: 0, z: 0}
  m_Children:
  - {fileID: 2074826361}
  m_Father: {fileID: 0}
  m_RootOrder: 1
  m_LocalEulerAnglesHint: {x: 0, y: 0, z: 0}
  m_AnchorMin: {x: 0, y: 0}
  m_AnchorMax: {x: 0, y: 0}
  m_AnchoredPosition: {x: 0, y: 0}
  m_SizeDelta: {x: 0, y: 0}
  m_Pivot: {x: 0, y: 0}
--- !u!224 &828999723 stripped
RectTransform:
  m_PrefabParentObject: {fileID: 224936979073060916, guid: 683e40feca98f374391b042b9848daed,
    type: 2}
  m_PrefabInternal: {fileID: 1043083493}
--- !u!1 &852177597
GameObject:
  m_ObjectHideFlags: 0
  m_PrefabParentObject: {fileID: 0}
  m_PrefabInternal: {fileID: 0}
  serializedVersion: 5
  m_Component:
  - component: {fileID: 852177601}
  - component: {fileID: 852177600}
  - component: {fileID: 852177599}
  - component: {fileID: 852177598}
  m_Layer: 0
  m_Name: Main Camera
  m_TagString: MainCamera
  m_Icon: {fileID: 0}
  m_NavMeshLayer: 0
  m_StaticEditorFlags: 0
  m_IsActive: 1
--- !u!81 &852177598
AudioListener:
  m_ObjectHideFlags: 0
  m_PrefabParentObject: {fileID: 0}
  m_PrefabInternal: {fileID: 0}
  m_GameObject: {fileID: 852177597}
  m_Enabled: 1
--- !u!124 &852177599
Behaviour:
  m_ObjectHideFlags: 0
  m_PrefabParentObject: {fileID: 0}
  m_PrefabInternal: {fileID: 0}
  m_GameObject: {fileID: 852177597}
  m_Enabled: 1
--- !u!20 &852177600
Camera:
  m_ObjectHideFlags: 0
  m_PrefabParentObject: {fileID: 0}
  m_PrefabInternal: {fileID: 0}
  m_GameObject: {fileID: 852177597}
  m_Enabled: 1
  serializedVersion: 2
  m_ClearFlags: 1
  m_BackGroundColor: {r: 1, g: 1, b: 1, a: 1}
  m_NormalizedViewPortRect:
    serializedVersion: 2
    x: 0
    y: 0
    width: 1
    height: 1
  near clip plane: 0.3
  far clip plane: 1000
  field of view: 60
  orthographic: 1
  orthographic size: 5
  m_Depth: -1
  m_CullingMask:
    serializedVersion: 2
    m_Bits: 4294967295
  m_RenderingPath: -1
  m_TargetTexture: {fileID: 0}
  m_TargetDisplay: 0
  m_TargetEye: 3
  m_HDR: 1
  m_AllowMSAA: 1
  m_AllowDynamicResolution: 0
  m_ForceIntoRT: 0
  m_OcclusionCulling: 1
  m_StereoConvergence: 10
  m_StereoSeparation: 0.022
--- !u!4 &852177601
Transform:
  m_ObjectHideFlags: 0
  m_PrefabParentObject: {fileID: 0}
  m_PrefabInternal: {fileID: 0}
  m_GameObject: {fileID: 852177597}
  m_LocalRotation: {x: 0, y: 0, z: 0, w: 1}
  m_LocalPosition: {x: 0, y: 0, z: -10}
  m_LocalScale: {x: 1, y: 1, z: 1}
  m_Children: []
  m_Father: {fileID: 0}
  m_RootOrder: 0
  m_LocalEulerAnglesHint: {x: 0, y: 0, z: 0}
--- !u!1 &883837405
GameObject:
  m_ObjectHideFlags: 0
  m_PrefabParentObject: {fileID: 0}
  m_PrefabInternal: {fileID: 0}
  serializedVersion: 5
  m_Component:
  - component: {fileID: 883837406}
  - component: {fileID: 883837408}
  - component: {fileID: 883837407}
  m_Layer: 5
  m_Name: Header
  m_TagString: Untagged
  m_Icon: {fileID: 0}
  m_NavMeshLayer: 0
  m_StaticEditorFlags: 0
  m_IsActive: 1
--- !u!224 &883837406
RectTransform:
  m_ObjectHideFlags: 0
  m_PrefabParentObject: {fileID: 0}
  m_PrefabInternal: {fileID: 0}
  m_GameObject: {fileID: 883837405}
  m_LocalRotation: {x: 0, y: 0, z: 0, w: 1}
  m_LocalPosition: {x: 0, y: 0, z: 0}
  m_LocalScale: {x: 1, y: 1, z: 1}
  m_Children: []
  m_Father: {fileID: 1403488176}
  m_RootOrder: 0
  m_LocalEulerAnglesHint: {x: 0, y: 0, z: 0}
  m_AnchorMin: {x: 0.1, y: 0.72400004}
  m_AnchorMax: {x: 0.90000004, y: 0.89000005}
  m_AnchoredPosition: {x: 0, y: 0}
  m_SizeDelta: {x: 0, y: 0}
  m_Pivot: {x: 0.5, y: 0.5}
--- !u!114 &883837407
MonoBehaviour:
  m_ObjectHideFlags: 0
  m_PrefabParentObject: {fileID: 0}
  m_PrefabInternal: {fileID: 0}
  m_GameObject: {fileID: 883837405}
  m_Enabled: 1
  m_EditorHideFlags: 0
  m_Script: {fileID: 708705254, guid: f70555f144d8491a825f0804e09c671c, type: 3}
  m_Name: 
  m_EditorClassIdentifier: 
  m_Material: {fileID: 0}
  m_Color: {r: 0, g: 0, b: 0, a: 1}
  m_RaycastTarget: 1
  m_OnCullStateChanged:
    m_PersistentCalls:
      m_Calls: []
    m_TypeName: UnityEngine.UI.MaskableGraphic+CullStateChangedEvent, UnityEngine.UI,
      Version=1.0.0.0, Culture=neutral, PublicKeyToken=null
  m_FontData:
    m_Font: {fileID: 10102, guid: 0000000000000000e000000000000000, type: 0}
    m_FontSize: 14
    m_FontStyle: 1
    m_BestFit: 1
    m_MinSize: 10
    m_MaxSize: 300
    m_Alignment: 4
    m_AlignByGeometry: 0
    m_RichText: 1
    m_HorizontalOverflow: 0
    m_VerticalOverflow: 0
    m_LineSpacing: 1
  m_Text: Results
--- !u!222 &883837408
CanvasRenderer:
  m_ObjectHideFlags: 0
  m_PrefabParentObject: {fileID: 0}
  m_PrefabInternal: {fileID: 0}
  m_GameObject: {fileID: 883837405}
--- !u!224 &926680022 stripped
RectTransform:
  m_PrefabParentObject: {fileID: 224087532921929618, guid: 683e40feca98f374391b042b9848daed,
    type: 2}
  m_PrefabInternal: {fileID: 1043083493}
--- !u!1001 &1043083493
Prefab:
  m_ObjectHideFlags: 0
  serializedVersion: 2
  m_Modification:
    m_TransformParent: {fileID: 2074826361}
    m_Modifications:
    - target: {fileID: 224936979073060916, guid: 683e40feca98f374391b042b9848daed,
        type: 2}
      propertyPath: m_LocalPosition.x
      value: 0
      objectReference: {fileID: 0}
    - target: {fileID: 224936979073060916, guid: 683e40feca98f374391b042b9848daed,
        type: 2}
      propertyPath: m_LocalPosition.y
      value: 0
      objectReference: {fileID: 0}
    - target: {fileID: 224936979073060916, guid: 683e40feca98f374391b042b9848daed,
        type: 2}
      propertyPath: m_LocalPosition.z
      value: 0
      objectReference: {fileID: 0}
    - target: {fileID: 224936979073060916, guid: 683e40feca98f374391b042b9848daed,
        type: 2}
      propertyPath: m_LocalRotation.x
      value: -0
      objectReference: {fileID: 0}
    - target: {fileID: 224936979073060916, guid: 683e40feca98f374391b042b9848daed,
        type: 2}
      propertyPath: m_LocalRotation.y
      value: -0
      objectReference: {fileID: 0}
    - target: {fileID: 224936979073060916, guid: 683e40feca98f374391b042b9848daed,
        type: 2}
      propertyPath: m_LocalRotation.z
      value: -0
      objectReference: {fileID: 0}
    - target: {fileID: 224936979073060916, guid: 683e40feca98f374391b042b9848daed,
        type: 2}
      propertyPath: m_LocalRotation.w
      value: 1
      objectReference: {fileID: 0}
    - target: {fileID: 224936979073060916, guid: 683e40feca98f374391b042b9848daed,
        type: 2}
      propertyPath: m_RootOrder
      value: 1
      objectReference: {fileID: 0}
    - target: {fileID: 224936979073060916, guid: 683e40feca98f374391b042b9848daed,
        type: 2}
      propertyPath: m_AnchoredPosition.x
      value: 0
      objectReference: {fileID: 0}
    - target: {fileID: 224936979073060916, guid: 683e40feca98f374391b042b9848daed,
        type: 2}
      propertyPath: m_AnchoredPosition.y
      value: 0
      objectReference: {fileID: 0}
    - target: {fileID: 224936979073060916, guid: 683e40feca98f374391b042b9848daed,
        type: 2}
      propertyPath: m_SizeDelta.x
      value: 0
      objectReference: {fileID: 0}
    - target: {fileID: 224936979073060916, guid: 683e40feca98f374391b042b9848daed,
        type: 2}
      propertyPath: m_SizeDelta.y
      value: 0
      objectReference: {fileID: 0}
    - target: {fileID: 224936979073060916, guid: 683e40feca98f374391b042b9848daed,
        type: 2}
      propertyPath: m_AnchorMin.x
      value: 0
      objectReference: {fileID: 0}
    - target: {fileID: 224936979073060916, guid: 683e40feca98f374391b042b9848daed,
        type: 2}
      propertyPath: m_AnchorMin.y
      value: 0
      objectReference: {fileID: 0}
    - target: {fileID: 224936979073060916, guid: 683e40feca98f374391b042b9848daed,
        type: 2}
      propertyPath: m_AnchorMax.x
      value: 1
      objectReference: {fileID: 0}
    - target: {fileID: 224936979073060916, guid: 683e40feca98f374391b042b9848daed,
        type: 2}
      propertyPath: m_AnchorMax.y
      value: 1
      objectReference: {fileID: 0}
    - target: {fileID: 224936979073060916, guid: 683e40feca98f374391b042b9848daed,
        type: 2}
      propertyPath: m_Pivot.x
      value: 0.5
      objectReference: {fileID: 0}
    - target: {fileID: 224936979073060916, guid: 683e40feca98f374391b042b9848daed,
        type: 2}
      propertyPath: m_Pivot.y
      value: 0.5
      objectReference: {fileID: 0}
    - target: {fileID: 1051940398679630, guid: 683e40feca98f374391b042b9848daed, type: 2}
      propertyPath: m_Name
      value: Quiz View
      objectReference: {fileID: 0}
    - target: {fileID: 1416390236817214, guid: 683e40feca98f374391b042b9848daed, type: 2}
      propertyPath: m_IsActive
      value: 0
      objectReference: {fileID: 0}
    - target: {fileID: 1317670394900792, guid: 683e40feca98f374391b042b9848daed, type: 2}
      propertyPath: m_IsActive
      value: 0
      objectReference: {fileID: 0}
    - target: {fileID: 1368148911301770, guid: 683e40feca98f374391b042b9848daed, type: 2}
      propertyPath: m_IsActive
      value: 0
      objectReference: {fileID: 0}
    - target: {fileID: 1917980060347994, guid: 683e40feca98f374391b042b9848daed, type: 2}
      propertyPath: m_IsActive
      value: 0
      objectReference: {fileID: 0}
    - target: {fileID: 1741557086833832, guid: 683e40feca98f374391b042b9848daed, type: 2}
      propertyPath: m_IsActive
      value: 0
      objectReference: {fileID: 0}
    - target: {fileID: 1051940398679630, guid: 683e40feca98f374391b042b9848daed, type: 2}
      propertyPath: m_IsActive
      value: 1
      objectReference: {fileID: 0}
    - target: {fileID: 1617057598329604, guid: 683e40feca98f374391b042b9848daed, type: 2}
      propertyPath: m_IsActive
      value: 0
      objectReference: {fileID: 0}
    - target: {fileID: 114792246728718262, guid: 683e40feca98f374391b042b9848daed,
        type: 2}
      propertyPath: m_Text
      value: 
      objectReference: {fileID: 0}
    - target: {fileID: 1423698286791204, guid: 683e40feca98f374391b042b9848daed, type: 2}
      propertyPath: m_IsActive
      value: 1
      objectReference: {fileID: 0}
    - target: {fileID: 114792246728718262, guid: 683e40feca98f374391b042b9848daed,
        type: 2}
      propertyPath: m_Color.r
      value: 0
      objectReference: {fileID: 0}
    - target: {fileID: 114792246728718262, guid: 683e40feca98f374391b042b9848daed,
        type: 2}
      propertyPath: m_Color.g
      value: 0
      objectReference: {fileID: 0}
    - target: {fileID: 114792246728718262, guid: 683e40feca98f374391b042b9848daed,
        type: 2}
      propertyPath: m_Color.b
      value: 0
      objectReference: {fileID: 0}
    - target: {fileID: 114792246728718262, guid: 683e40feca98f374391b042b9848daed,
        type: 2}
      propertyPath: m_Color.a
      value: 1
      objectReference: {fileID: 0}
    - target: {fileID: 224446400134095756, guid: 683e40feca98f374391b042b9848daed,
        type: 2}
      propertyPath: m_AnchorMin.y
      value: 0.85200006
      objectReference: {fileID: 0}
    - target: {fileID: 224446400134095756, guid: 683e40feca98f374391b042b9848daed,
        type: 2}
      propertyPath: m_AnchoredPosition.y
      value: 0
      objectReference: {fileID: 0}
    - target: {fileID: 224446400134095756, guid: 683e40feca98f374391b042b9848daed,
        type: 2}
      propertyPath: m_SizeDelta.y
      value: 0
      objectReference: {fileID: 0}
    - target: {fileID: 224446400134095756, guid: 683e40feca98f374391b042b9848daed,
        type: 2}
      propertyPath: m_AnchorMax.y
      value: 0.9311311
      objectReference: {fileID: 0}
    - target: {fileID: 114792246728718262, guid: 683e40feca98f374391b042b9848daed,
        type: 2}
      propertyPath: m_FontData.m_Alignment
      value: 7
      objectReference: {fileID: 0}
    - target: {fileID: 224744851133203938, guid: 683e40feca98f374391b042b9848daed,
        type: 2}
      propertyPath: m_AnchorMin.y
      value: 0.94012666
      objectReference: {fileID: 0}
    - target: {fileID: 224744851133203938, guid: 683e40feca98f374391b042b9848daed,
        type: 2}
      propertyPath: m_AnchoredPosition.y
      value: 0
      objectReference: {fileID: 0}
    - target: {fileID: 224744851133203938, guid: 683e40feca98f374391b042b9848daed,
        type: 2}
      propertyPath: m_SizeDelta.y
      value: 0
      objectReference: {fileID: 0}
    - target: {fileID: 114792246728718262, guid: 683e40feca98f374391b042b9848daed,
        type: 2}
      propertyPath: m_FontData.m_MaxSize
      value: 300
      objectReference: {fileID: 0}
    - target: {fileID: 224787749259508688, guid: 683e40feca98f374391b042b9848daed,
        type: 2}
      propertyPath: m_AnchorMax.x
      value: 1
      objectReference: {fileID: 0}
    - target: {fileID: 224787749259508688, guid: 683e40feca98f374391b042b9848daed,
        type: 2}
      propertyPath: m_AnchoredPosition.x
      value: 0
      objectReference: {fileID: 0}
    - target: {fileID: 224787749259508688, guid: 683e40feca98f374391b042b9848daed,
        type: 2}
      propertyPath: m_SizeDelta.x
      value: 0
      objectReference: {fileID: 0}
    - target: {fileID: 224787749259508688, guid: 683e40feca98f374391b042b9848daed,
        type: 2}
      propertyPath: m_AnchorMin.y
      value: 0.804
      objectReference: {fileID: 0}
    - target: {fileID: 224787749259508688, guid: 683e40feca98f374391b042b9848daed,
        type: 2}
      propertyPath: m_AnchoredPosition.y
      value: 0
      objectReference: {fileID: 0}
    - target: {fileID: 224787749259508688, guid: 683e40feca98f374391b042b9848daed,
        type: 2}
      propertyPath: m_SizeDelta.y
      value: 0
      objectReference: {fileID: 0}
    - target: {fileID: 224787749259508688, guid: 683e40feca98f374391b042b9848daed,
        type: 2}
      propertyPath: m_AnchorMin.x
      value: 0
      objectReference: {fileID: 0}
    - target: {fileID: 224787749259508688, guid: 683e40feca98f374391b042b9848daed,
        type: 2}
      propertyPath: m_AnchorMax.y
      value: 0.90260506
      objectReference: {fileID: 0}
    - target: {fileID: 224022126556318258, guid: 683e40feca98f374391b042b9848daed,
        type: 2}
      propertyPath: m_AnchorMin.y
      value: 0.65286833
      objectReference: {fileID: 0}
    - target: {fileID: 224022126556318258, guid: 683e40feca98f374391b042b9848daed,
        type: 2}
      propertyPath: m_AnchoredPosition.y
      value: 0
      objectReference: {fileID: 0}
    - target: {fileID: 224022126556318258, guid: 683e40feca98f374391b042b9848daed,
        type: 2}
      propertyPath: m_SizeDelta.y
      value: 0
      objectReference: {fileID: 0}
    - target: {fileID: 224022126556318258, guid: 683e40feca98f374391b042b9848daed,
        type: 2}
      propertyPath: m_AnchorMax.y
      value: 0.754
      objectReference: {fileID: 0}
    - target: {fileID: 224022126556318258, guid: 683e40feca98f374391b042b9848daed,
        type: 2}
      propertyPath: m_AnchoredPosition.x
      value: 0
      objectReference: {fileID: 0}
    - target: {fileID: 224022126556318258, guid: 683e40feca98f374391b042b9848daed,
        type: 2}
      propertyPath: m_SizeDelta.x
      value: 0
      objectReference: {fileID: 0}
    - target: {fileID: 224080669158934800, guid: 683e40feca98f374391b042b9848daed,
        type: 2}
      propertyPath: m_AnchorMin.y
      value: 0.5
      objectReference: {fileID: 0}
    - target: {fileID: 224080669158934800, guid: 683e40feca98f374391b042b9848daed,
        type: 2}
      propertyPath: m_AnchoredPosition.y
      value: 0
      objectReference: {fileID: 0}
    - target: {fileID: 224080669158934800, guid: 683e40feca98f374391b042b9848daed,
        type: 2}
      propertyPath: m_SizeDelta.y
      value: 0
      objectReference: {fileID: 0}
    - target: {fileID: 224080669158934800, guid: 683e40feca98f374391b042b9848daed,
        type: 2}
      propertyPath: m_AnchorMax.y
      value: 0.59900004
      objectReference: {fileID: 0}
    - target: {fileID: 224080669158934800, guid: 683e40feca98f374391b042b9848daed,
        type: 2}
      propertyPath: m_AnchoredPosition.x
      value: 0
      objectReference: {fileID: 0}
    - target: {fileID: 224080669158934800, guid: 683e40feca98f374391b042b9848daed,
        type: 2}
      propertyPath: m_SizeDelta.x
      value: 0
      objectReference: {fileID: 0}
    - target: {fileID: 224174830868867900, guid: 683e40feca98f374391b042b9848daed,
        type: 2}
      propertyPath: m_AnchorMin.y
      value: 0.79613173
      objectReference: {fileID: 0}
    - target: {fileID: 224174830868867900, guid: 683e40feca98f374391b042b9848daed,
        type: 2}
      propertyPath: m_AnchoredPosition.y
      value: 0
      objectReference: {fileID: 0}
    - target: {fileID: 224174830868867900, guid: 683e40feca98f374391b042b9848daed,
        type: 2}
      propertyPath: m_SizeDelta.y
      value: 0
      objectReference: {fileID: 0}
    - target: {fileID: 224174830868867900, guid: 683e40feca98f374391b042b9848daed,
        type: 2}
      propertyPath: m_AnchorMax.y
      value: 0.89500004
      objectReference: {fileID: 0}
    - target: {fileID: 224174830868867900, guid: 683e40feca98f374391b042b9848daed,
        type: 2}
      propertyPath: m_AnchoredPosition.x
      value: 0
      objectReference: {fileID: 0}
    - target: {fileID: 224174830868867900, guid: 683e40feca98f374391b042b9848daed,
        type: 2}
      propertyPath: m_SizeDelta.x
      value: 0
      objectReference: {fileID: 0}
    - target: {fileID: 224054714803003250, guid: 683e40feca98f374391b042b9848daed,
        type: 2}
      propertyPath: m_AnchorMin.y
      value: 0.65000004
      objectReference: {fileID: 0}
    - target: {fileID: 224054714803003250, guid: 683e40feca98f374391b042b9848daed,
        type: 2}
      propertyPath: m_AnchoredPosition.y
      value: 0
      objectReference: {fileID: 0}
    - target: {fileID: 224054714803003250, guid: 683e40feca98f374391b042b9848daed,
        type: 2}
      propertyPath: m_SizeDelta.y
      value: 0
      objectReference: {fileID: 0}
    - target: {fileID: 224054714803003250, guid: 683e40feca98f374391b042b9848daed,
        type: 2}
      propertyPath: m_AnchorMax.y
      value: 0.748
      objectReference: {fileID: 0}
    - target: {fileID: 224054714803003250, guid: 683e40feca98f374391b042b9848daed,
        type: 2}
      propertyPath: m_AnchoredPosition.x
      value: 0.0000009536743
      objectReference: {fileID: 0}
    - target: {fileID: 224054714803003250, guid: 683e40feca98f374391b042b9848daed,
        type: 2}
      propertyPath: m_SizeDelta.x
      value: -0.0000019073486
      objectReference: {fileID: 0}
    - target: {fileID: 224727077178175684, guid: 683e40feca98f374391b042b9848daed,
        type: 2}
      propertyPath: m_AnchorMin.y
      value: 0.5
      objectReference: {fileID: 0}
    - target: {fileID: 224727077178175684, guid: 683e40feca98f374391b042b9848daed,
        type: 2}
      propertyPath: m_AnchoredPosition.y
      value: 0
      objectReference: {fileID: 0}
    - target: {fileID: 224727077178175684, guid: 683e40feca98f374391b042b9848daed,
        type: 2}
      propertyPath: m_SizeDelta.y
      value: 0
      objectReference: {fileID: 0}
    - target: {fileID: 224727077178175684, guid: 683e40feca98f374391b042b9848daed,
        type: 2}
      propertyPath: m_AnchorMax.x
      value: 1
      objectReference: {fileID: 0}
    - target: {fileID: 224727077178175684, guid: 683e40feca98f374391b042b9848daed,
        type: 2}
      propertyPath: m_AnchoredPosition.x
      value: 0
      objectReference: {fileID: 0}
    - target: {fileID: 224727077178175684, guid: 683e40feca98f374391b042b9848daed,
        type: 2}
      propertyPath: m_SizeDelta.x
      value: 0
      objectReference: {fileID: 0}
    - target: {fileID: 224727077178175684, guid: 683e40feca98f374391b042b9848daed,
        type: 2}
      propertyPath: m_AnchorMax.y
      value: 0.5996145
      objectReference: {fileID: 0}
    - target: {fileID: 114907994474054794, guid: 683e40feca98f374391b042b9848daed,
        type: 2}
      propertyPath: m_Color.a
      value: 0
      objectReference: {fileID: 0}
    - target: {fileID: 114691436265350612, guid: 683e40feca98f374391b042b9848daed,
        type: 2}
      propertyPath: m_Color.a
      value: 0
      objectReference: {fileID: 0}
    - target: {fileID: 114865832463010008, guid: 683e40feca98f374391b042b9848daed,
        type: 2}
      propertyPath: m_Color.a
      value: 0
      objectReference: {fileID: 0}
    - target: {fileID: 114478639077450420, guid: 683e40feca98f374391b042b9848daed,
        type: 2}
      propertyPath: m_Color.a
      value: 0
      objectReference: {fileID: 0}
    - target: {fileID: 224727077178175684, guid: 683e40feca98f374391b042b9848daed,
        type: 2}
      propertyPath: m_LocalPosition.z
      value: 0
      objectReference: {fileID: 0}
    - target: {fileID: 114332715719055804, guid: 683e40feca98f374391b042b9848daed,
        type: 2}
      propertyPath: m_Color.a
      value: 1
      objectReference: {fileID: 0}
    - target: {fileID: 114964202932203784, guid: 683e40feca98f374391b042b9848daed,
        type: 2}
      propertyPath: m_Color.a
      value: 1
      objectReference: {fileID: 0}
    - target: {fileID: 114458270845664254, guid: 683e40feca98f374391b042b9848daed,
        type: 2}
      propertyPath: m_Color.a
      value: 1
      objectReference: {fileID: 0}
    - target: {fileID: 224891450480172574, guid: 683e40feca98f374391b042b9848daed,
        type: 2}
      propertyPath: m_AnchorMin.y
      value: 0.28076667
      objectReference: {fileID: 0}
    - target: {fileID: 224891450480172574, guid: 683e40feca98f374391b042b9848daed,
        type: 2}
      propertyPath: m_AnchoredPosition.y
      value: 0
      objectReference: {fileID: 0}
    - target: {fileID: 224891450480172574, guid: 683e40feca98f374391b042b9848daed,
        type: 2}
      propertyPath: m_SizeDelta.y
      value: 0
      objectReference: {fileID: 0}
    - target: {fileID: 224891450480172574, guid: 683e40feca98f374391b042b9848daed,
        type: 2}
      propertyPath: m_AnchorMax.x
      value: 1
      objectReference: {fileID: 0}
    - target: {fileID: 224891450480172574, guid: 683e40feca98f374391b042b9848daed,
        type: 2}
      propertyPath: m_AnchoredPosition.x
      value: 0
      objectReference: {fileID: 0}
    - target: {fileID: 224891450480172574, guid: 683e40feca98f374391b042b9848daed,
        type: 2}
      propertyPath: m_SizeDelta.x
      value: 0
      objectReference: {fileID: 0}
    - target: {fileID: 224891450480172574, guid: 683e40feca98f374391b042b9848daed,
        type: 2}
      propertyPath: m_AnchorMax.y
      value: 0.527
      objectReference: {fileID: 0}
    - target: {fileID: 114095853126331332, guid: 683e40feca98f374391b042b9848daed,
        type: 2}
      propertyPath: m_Color.a
      value: 0
      objectReference: {fileID: 0}
    - target: {fileID: 114416819114898554, guid: 683e40feca98f374391b042b9848daed,
        type: 2}
      propertyPath: m_Color.a
      value: 1
      objectReference: {fileID: 0}
    - target: {fileID: 114460200306228110, guid: 683e40feca98f374391b042b9848daed,
        type: 2}
      propertyPath: m_Color.a
      value: 1
      objectReference: {fileID: 0}
    - target: {fileID: 1521212998736268, guid: 683e40feca98f374391b042b9848daed, type: 2}
      propertyPath: m_Name
      value: Correct Answe text
      objectReference: {fileID: 0}
    - target: {fileID: 224992816984019306, guid: 683e40feca98f374391b042b9848daed,
        type: 2}
      propertyPath: m_AnchorMax.x
      value: 0.8995559
      objectReference: {fileID: 0}
    - target: {fileID: 224992816984019306, guid: 683e40feca98f374391b042b9848daed,
        type: 2}
      propertyPath: m_AnchorMax.y
      value: 0.6188207
      objectReference: {fileID: 0}
    - target: {fileID: 224992816984019306, guid: 683e40feca98f374391b042b9848daed,
        type: 2}
      propertyPath: m_AnchoredPosition.x
      value: 0
      objectReference: {fileID: 0}
    - target: {fileID: 224992816984019306, guid: 683e40feca98f374391b042b9848daed,
        type: 2}
      propertyPath: m_AnchoredPosition.y
      value: 0
      objectReference: {fileID: 0}
    - target: {fileID: 224992816984019306, guid: 683e40feca98f374391b042b9848daed,
        type: 2}
      propertyPath: m_SizeDelta.x
      value: 0
      objectReference: {fileID: 0}
    - target: {fileID: 224992816984019306, guid: 683e40feca98f374391b042b9848daed,
        type: 2}
      propertyPath: m_SizeDelta.y
      value: 0
      objectReference: {fileID: 0}
    - target: {fileID: 224992816984019306, guid: 683e40feca98f374391b042b9848daed,
        type: 2}
      propertyPath: m_AnchorMin.x
      value: 0.11212372
      objectReference: {fileID: 0}
    - target: {fileID: 224992816984019306, guid: 683e40feca98f374391b042b9848daed,
        type: 2}
      propertyPath: m_AnchorMin.y
      value: 0.44033
      objectReference: {fileID: 0}
    - target: {fileID: 224521464409381292, guid: 683e40feca98f374391b042b9848daed,
        type: 2}
      propertyPath: m_AnchorMax.x
      value: 0.7423282
      objectReference: {fileID: 0}
    - target: {fileID: 224521464409381292, guid: 683e40feca98f374391b042b9848daed,
        type: 2}
      propertyPath: m_AnchoredPosition.x
      value: 1
      objectReference: {fileID: 0}
    - target: {fileID: 224521464409381292, guid: 683e40feca98f374391b042b9848daed,
        type: 2}
      propertyPath: m_SizeDelta.x
      value: 2
      objectReference: {fileID: 0}
    - target: {fileID: 224521464409381292, guid: 683e40feca98f374391b042b9848daed,
        type: 2}
      propertyPath: m_AnchorMin.y
      value: 0.10878989
      objectReference: {fileID: 0}
    - target: {fileID: 224521464409381292, guid: 683e40feca98f374391b042b9848daed,
        type: 2}
      propertyPath: m_AnchoredPosition.y
      value: 11.5
      objectReference: {fileID: 0}
    - target: {fileID: 224521464409381292, guid: 683e40feca98f374391b042b9848daed,
        type: 2}
      propertyPath: m_SizeDelta.y
      value: 23
      objectReference: {fileID: 0}
    - target: {fileID: 224521464409381292, guid: 683e40feca98f374391b042b9848daed,
        type: 2}
      propertyPath: m_AnchorMin.x
      value: 0.246
      objectReference: {fileID: 0}
    - target: {fileID: 114460200306228110, guid: 683e40feca98f374391b042b9848daed,
        type: 2}
      propertyPath: m_FontData.m_MaxSize
      value: 300
      objectReference: {fileID: 0}
    - target: {fileID: 114095853126331332, guid: 683e40feca98f374391b042b9848daed,
        type: 2}
      propertyPath: m_FontData.m_MaxSize
      value: 300
      objectReference: {fileID: 0}
    - target: {fileID: 224521464409381292, guid: 683e40feca98f374391b042b9848daed,
        type: 2}
      propertyPath: m_AnchorMax.y
      value: 0.44033
      objectReference: {fileID: 0}
    - target: {fileID: 1515927971548554, guid: 683e40feca98f374391b042b9848daed, type: 2}
      propertyPath: m_IsActive
      value: 0
      objectReference: {fileID: 0}
    - target: {fileID: 114095853126331332, guid: 683e40feca98f374391b042b9848daed,
        type: 2}
      propertyPath: m_FontData.m_Alignment
      value: 1
      objectReference: {fileID: 0}
    - target: {fileID: 1362044416261092, guid: 683e40feca98f374391b042b9848daed, type: 2}
      propertyPath: m_IsActive
      value: 0
      objectReference: {fileID: 0}
    - target: {fileID: 1491541824252704, guid: 683e40feca98f374391b042b9848daed, type: 2}
      propertyPath: m_Name
      value: Text
      objectReference: {fileID: 0}
    - target: {fileID: 224718924477788936, guid: 683e40feca98f374391b042b9848daed,
        type: 2}
      propertyPath: m_RootOrder
      value: 7
      objectReference: {fileID: 0}
    - target: {fileID: 114100573374255454, guid: 683e40feca98f374391b042b9848daed,
        type: 2}
      propertyPath: m_RaycastTarget
      value: 0
      objectReference: {fileID: 0}
    - target: {fileID: 114100573374255454, guid: 683e40feca98f374391b042b9848daed,
        type: 2}
      propertyPath: m_FontData.m_MaxSize
      value: 300
      objectReference: {fileID: 0}
    - target: {fileID: 224718924477788936, guid: 683e40feca98f374391b042b9848daed,
        type: 2}
      propertyPath: m_AnchorMin.y
      value: 0.19900002
      objectReference: {fileID: 0}
    - target: {fileID: 224718924477788936, guid: 683e40feca98f374391b042b9848daed,
        type: 2}
      propertyPath: m_AnchoredPosition.y
      value: 0
      objectReference: {fileID: 0}
    - target: {fileID: 224718924477788936, guid: 683e40feca98f374391b042b9848daed,
        type: 2}
      propertyPath: m_SizeDelta.y
      value: 0
      objectReference: {fileID: 0}
    - target: {fileID: 224718924477788936, guid: 683e40feca98f374391b042b9848daed,
        type: 2}
      propertyPath: m_AnchorMax.y
      value: 0.42600003
      objectReference: {fileID: 0}
    - target: {fileID: 224352726969388490, guid: 683e40feca98f374391b042b9848daed,
        type: 2}
      propertyPath: m_AnchorMin.y
      value: 0.89500004
      objectReference: {fileID: 0}
    - target: {fileID: 224352726969388490, guid: 683e40feca98f374391b042b9848daed,
        type: 2}
      propertyPath: m_AnchoredPosition.y
      value: 0
      objectReference: {fileID: 0}
    - target: {fileID: 224352726969388490, guid: 683e40feca98f374391b042b9848daed,
        type: 2}
      propertyPath: m_SizeDelta.y
      value: 0
      objectReference: {fileID: 0}
    - target: {fileID: 224352726969388490, guid: 683e40feca98f374391b042b9848daed,
        type: 2}
      propertyPath: m_AnchoredPosition.x
      value: 0
      objectReference: {fileID: 0}
    - target: {fileID: 224352726969388490, guid: 683e40feca98f374391b042b9848daed,
        type: 2}
      propertyPath: m_SizeDelta.x
      value: 0
      objectReference: {fileID: 0}
    - target: {fileID: 114907994474054794, guid: 683e40feca98f374391b042b9848daed,
        type: 2}
      propertyPath: m_FontData.m_MaxSize
      value: 200
      objectReference: {fileID: 0}
    - target: {fileID: 114907994474054794, guid: 683e40feca98f374391b042b9848daed,
        type: 2}
      propertyPath: m_RaycastTarget
      value: 0
      objectReference: {fileID: 0}
    - target: {fileID: 114607927088542416, guid: 683e40feca98f374391b042b9848daed,
        type: 2}
      propertyPath: resultsPanel
      value: 
      objectReference: {fileID: 1403488180}
    - target: {fileID: 114607927088542416, guid: 683e40feca98f374391b042b9848daed,
        type: 2}
      propertyPath: mainMenu
      value: 
      objectReference: {fileID: 586451815}
    - target: {fileID: 1366072673816332, guid: 683e40feca98f374391b042b9848daed, type: 2}
      propertyPath: m_IsActive
      value: 0
      objectReference: {fileID: 0}
    - target: {fileID: 224991022404681472, guid: 683e40feca98f374391b042b9848daed,
        type: 2}
      propertyPath: m_AnchorMax.y
      value: 0.10583722
      objectReference: {fileID: 0}
    - target: {fileID: 224991022404681472, guid: 683e40feca98f374391b042b9848daed,
        type: 2}
      propertyPath: m_AnchoredPosition.y
      value: 0
      objectReference: {fileID: 0}
    - target: {fileID: 224991022404681472, guid: 683e40feca98f374391b042b9848daed,
        type: 2}
      propertyPath: m_SizeDelta.y
      value: 0
      objectReference: {fileID: 0}
    - target: {fileID: 224991022404681472, guid: 683e40feca98f374391b042b9848daed,
        type: 2}
      propertyPath: m_AnchorMax.x
      value: 0.70500004
      objectReference: {fileID: 0}
    - target: {fileID: 224991022404681472, guid: 683e40feca98f374391b042b9848daed,
        type: 2}
      propertyPath: m_AnchoredPosition.x
      value: 0.0000038146973
      objectReference: {fileID: 0}
    - target: {fileID: 224991022404681472, guid: 683e40feca98f374391b042b9848daed,
        type: 2}
      propertyPath: m_SizeDelta.x
      value: 0
      objectReference: {fileID: 0}
    - target: {fileID: 224991022404681472, guid: 683e40feca98f374391b042b9848daed,
        type: 2}
      propertyPath: m_AnchorMin.x
      value: 0.2902532
      objectReference: {fileID: 0}
    - target: {fileID: 224991022404681472, guid: 683e40feca98f374391b042b9848daed,
        type: 2}
      propertyPath: m_AnchorMin.y
      value: 0.029000001
      objectReference: {fileID: 0}
    - target: {fileID: 114077423916794286, guid: 683e40feca98f374391b042b9848daed,
        type: 2}
      propertyPath: m_Color.a
      value: 0
      objectReference: {fileID: 0}
    - target: {fileID: 114874242494225516, guid: 683e40feca98f374391b042b9848daed,
        type: 2}
      propertyPath: m_Color.a
      value: 1
      objectReference: {fileID: 0}
    - target: {fileID: 114852161436250020, guid: 683e40feca98f374391b042b9848daed,
        type: 2}
      propertyPath: m_Color.a
      value: 0
      objectReference: {fileID: 0}
    - target: {fileID: 114101823673418406, guid: 683e40feca98f374391b042b9848daed,
        type: 2}
      propertyPath: m_Color.a
      value: 1
      objectReference: {fileID: 0}
    - target: {fileID: 224438864557870054, guid: 683e40feca98f374391b042b9848daed,
        type: 2}
      propertyPath: m_AnchorMin.y
      value: 0.08474813
      objectReference: {fileID: 0}
    - target: {fileID: 224438864557870054, guid: 683e40feca98f374391b042b9848daed,
        type: 2}
      propertyPath: m_AnchoredPosition.y
      value: 0
      objectReference: {fileID: 0}
    - target: {fileID: 224438864557870054, guid: 683e40feca98f374391b042b9848daed,
        type: 2}
      propertyPath: m_SizeDelta.y
      value: 0
      objectReference: {fileID: 0}
    - target: {fileID: 224438864557870054, guid: 683e40feca98f374391b042b9848daed,
        type: 2}
      propertyPath: m_AnchorMax.y
      value: 0.17074662
      objectReference: {fileID: 0}
    - target: {fileID: 114607927088542416, guid: 683e40feca98f374391b042b9848daed,
        type: 2}
      propertyPath: quitButton
      value: 
      objectReference: {fileID: 1452945628}
    m_RemovedComponents: []
  m_ParentPrefab: {fileID: 100100000, guid: 683e40feca98f374391b042b9848daed, type: 2}
  m_IsPrefabParent: 0
--- !u!1001 &1084264989
Prefab:
  m_ObjectHideFlags: 0
  serializedVersion: 2
  m_Modification:
    m_TransformParent: {fileID: 0}
    m_Modifications:
    - target: {fileID: 4929792559086844, guid: c73e3502de75bca46a57514de99983c2, type: 2}
      propertyPath: m_LocalPosition.x
      value: -301.4351
      objectReference: {fileID: 0}
    - target: {fileID: 4929792559086844, guid: c73e3502de75bca46a57514de99983c2, type: 2}
      propertyPath: m_LocalPosition.y
      value: 284.4056
      objectReference: {fileID: 0}
    - target: {fileID: 4929792559086844, guid: c73e3502de75bca46a57514de99983c2, type: 2}
      propertyPath: m_LocalPosition.z
      value: -9.880669
      objectReference: {fileID: 0}
    - target: {fileID: 4929792559086844, guid: c73e3502de75bca46a57514de99983c2, type: 2}
      propertyPath: m_LocalRotation.x
      value: 0
      objectReference: {fileID: 0}
    - target: {fileID: 4929792559086844, guid: c73e3502de75bca46a57514de99983c2, type: 2}
      propertyPath: m_LocalRotation.y
      value: 0
      objectReference: {fileID: 0}
    - target: {fileID: 4929792559086844, guid: c73e3502de75bca46a57514de99983c2, type: 2}
      propertyPath: m_LocalRotation.z
      value: 0
      objectReference: {fileID: 0}
    - target: {fileID: 4929792559086844, guid: c73e3502de75bca46a57514de99983c2, type: 2}
      propertyPath: m_LocalRotation.w
      value: 1
      objectReference: {fileID: 0}
    - target: {fileID: 4929792559086844, guid: c73e3502de75bca46a57514de99983c2, type: 2}
      propertyPath: m_RootOrder
      value: 3
      objectReference: {fileID: 0}
    m_RemovedComponents: []
  m_ParentPrefab: {fileID: 100100000, guid: c73e3502de75bca46a57514de99983c2, type: 2}
  m_IsPrefabParent: 0
--- !u!114 &1269657411 stripped
MonoBehaviour:
  m_PrefabParentObject: {fileID: 114607927088542416, guid: 683e40feca98f374391b042b9848daed,
    type: 2}
  m_PrefabInternal: {fileID: 1043083493}
  m_Script: {fileID: 11500000, guid: d64614c4857eef04bb23c99eec82f09b, type: 3}
--- !u!1 &1328571856
GameObject:
  m_ObjectHideFlags: 0
  m_PrefabParentObject: {fileID: 0}
  m_PrefabInternal: {fileID: 0}
  serializedVersion: 5
  m_Component:
  - component: {fileID: 1328571857}
  - component: {fileID: 1328571859}
  - component: {fileID: 1328571858}
  m_Layer: 5
  m_Name: Correct Answer
  m_TagString: Untagged
  m_Icon: {fileID: 0}
  m_NavMeshLayer: 0
  m_StaticEditorFlags: 0
  m_IsActive: 1
--- !u!224 &1328571857
RectTransform:
  m_ObjectHideFlags: 0
  m_PrefabParentObject: {fileID: 0}
  m_PrefabInternal: {fileID: 0}
  m_GameObject: {fileID: 1328571856}
  m_LocalRotation: {x: 0, y: 0, z: 0, w: 1}
  m_LocalPosition: {x: 0, y: 0, z: 0}
  m_LocalScale: {x: 1, y: 1, z: 1}
  m_Children: []
  m_Father: {fileID: 1636212230}
  m_RootOrder: 6
  m_LocalEulerAnglesHint: {x: 0, y: 0, z: 0}
  m_AnchorMin: {x: 0, y: 0.42600003}
  m_AnchorMax: {x: 1, y: 0.652}
  m_AnchoredPosition: {x: 0, y: 0}
  m_SizeDelta: {x: 0, y: 0}
  m_Pivot: {x: 0.5, y: 0.5}
--- !u!114 &1328571858
MonoBehaviour:
  m_ObjectHideFlags: 0
  m_PrefabParentObject: {fileID: 0}
  m_PrefabInternal: {fileID: 0}
  m_GameObject: {fileID: 1328571856}
  m_Enabled: 1
  m_EditorHideFlags: 0
  m_Script: {fileID: 708705254, guid: f5f67c52d1564df4a8936ccd202a3bd8, type: 3}
  m_Name: 
  m_EditorClassIdentifier: 
  m_Material: {fileID: 0}
  m_Color: {r: 0, g: 0, b: 0, a: 0}
  m_RaycastTarget: 0
  m_OnCullStateChanged:
    m_PersistentCalls:
      m_Calls: []
    m_TypeName: UnityEngine.UI.MaskableGraphic+CullStateChangedEvent, UnityEngine.UI,
      Version=1.0.0.0, Culture=neutral, PublicKeyToken=null
  m_FontData:
    m_Font: {fileID: 10102, guid: 0000000000000000e000000000000000, type: 0}
    m_FontSize: 14
    m_FontStyle: 0
    m_BestFit: 1
    m_MinSize: 10
    m_MaxSize: 40
    m_Alignment: 4
    m_AlignByGeometry: 0
    m_RichText: 1
    m_HorizontalOverflow: 0
    m_VerticalOverflow: 0
    m_LineSpacing: 1
  m_Text: 'Correct Answer:'
--- !u!222 &1328571859
CanvasRenderer:
  m_ObjectHideFlags: 0
  m_PrefabParentObject: {fileID: 0}
  m_PrefabInternal: {fileID: 0}
  m_GameObject: {fileID: 1328571856}
--- !u!1 &1403488175
GameObject:
  m_ObjectHideFlags: 0
  m_PrefabParentObject: {fileID: 0}
  m_PrefabInternal: {fileID: 0}
  serializedVersion: 5
  m_Component:
  - component: {fileID: 1403488176}
  - component: {fileID: 1403488179}
  - component: {fileID: 1403488178}
  - component: {fileID: 1403488177}
  - component: {fileID: 1403488180}
  m_Layer: 5
  m_Name: Results Panel
  m_TagString: Untagged
  m_Icon: {fileID: 0}
  m_NavMeshLayer: 0
  m_StaticEditorFlags: 0
  m_IsActive: 1
--- !u!224 &1403488176
RectTransform:
  m_ObjectHideFlags: 0
  m_PrefabParentObject: {fileID: 0}
  m_PrefabInternal: {fileID: 0}
  m_GameObject: {fileID: 1403488175}
  m_LocalRotation: {x: 0, y: 0, z: 0, w: 1}
  m_LocalPosition: {x: 0, y: 0, z: 0}
  m_LocalScale: {x: 1, y: 1, z: 1}
  m_Children:
  - {fileID: 883837406}
  - {fileID: 110284529}
  - {fileID: 1470342901}
  m_Father: {fileID: 2074826361}
  m_RootOrder: 2
  m_LocalEulerAnglesHint: {x: 0, y: 0, z: 0}
  m_AnchorMin: {x: 0, y: 0}
  m_AnchorMax: {x: 1, y: 1}
  m_AnchoredPosition: {x: 0, y: 0}
  m_SizeDelta: {x: 0, y: 0}
  m_Pivot: {x: 0.5, y: 0.5}
--- !u!95 &1403488177
Animator:
  serializedVersion: 3
  m_ObjectHideFlags: 0
  m_PrefabParentObject: {fileID: 0}
  m_PrefabInternal: {fileID: 0}
  m_GameObject: {fileID: 1403488175}
  m_Enabled: 1
  m_Avatar: {fileID: 0}
  m_Controller: {fileID: 9100000, guid: 5640be3788d829740846b61cbbe40f60, type: 2}
  m_CullingMode: 0
  m_UpdateMode: 0
  m_ApplyRootMotion: 0
  m_LinearVelocityBlending: 0
  m_WarningMessage: 
  m_HasTransformHierarchy: 1
  m_AllowConstantClipSamplingOptimization: 1
--- !u!114 &1403488178
MonoBehaviour:
  m_ObjectHideFlags: 0
  m_PrefabParentObject: {fileID: 0}
  m_PrefabInternal: {fileID: 0}
  m_GameObject: {fileID: 1403488175}
  m_Enabled: 1
  m_EditorHideFlags: 0
  m_Script: {fileID: -765806418, guid: f70555f144d8491a825f0804e09c671c, type: 3}
  m_Name: 
  m_EditorClassIdentifier: 
  m_Material: {fileID: 0}
  m_Color: {r: 1, g: 1, b: 1, a: 1}
  m_RaycastTarget: 1
  m_OnCullStateChanged:
    m_PersistentCalls:
      m_Calls: []
    m_TypeName: UnityEngine.UI.MaskableGraphic+CullStateChangedEvent, UnityEngine.UI,
      Version=1.0.0.0, Culture=neutral, PublicKeyToken=null
  m_Sprite: {fileID: 0}
  m_Type: 0
  m_PreserveAspect: 0
  m_FillCenter: 1
  m_FillMethod: 4
  m_FillAmount: 1
  m_FillClockwise: 1
  m_FillOrigin: 0
--- !u!222 &1403488179
CanvasRenderer:
  m_ObjectHideFlags: 0
  m_PrefabParentObject: {fileID: 0}
  m_PrefabInternal: {fileID: 0}
  m_GameObject: {fileID: 1403488175}
--- !u!114 &1403488180
MonoBehaviour:
  m_ObjectHideFlags: 0
  m_PrefabParentObject: {fileID: 0}
  m_PrefabInternal: {fileID: 0}
  m_GameObject: {fileID: 1403488175}
  m_Enabled: 1
  m_EditorHideFlags: 0
  m_Script: {fileID: 11500000, guid: 1cde48364b49e31468f277776cd3f081, type: 3}
  m_Name: 
  m_EditorClassIdentifier: 
  animator: {fileID: 1403488177}
  percentageText: {fileID: 110284530}
  menuButton: {fileID: 1470342902}
  tweenTime: 1
--- !u!1 &1452945626
GameObject:
  m_ObjectHideFlags: 0
  m_PrefabParentObject: {fileID: 1515927971548554, guid: 683e40feca98f374391b042b9848daed,
    type: 2}
  m_PrefabInternal: {fileID: 0}
  serializedVersion: 5
  m_Component:
  - component: {fileID: 1452945627}
  - component: {fileID: 1452945630}
  - component: {fileID: 1452945629}
  - component: {fileID: 1452945628}
  m_Layer: 5
  m_Name: Quit Button
  m_TagString: Untagged
  m_Icon: {fileID: 0}
  m_NavMeshLayer: 0
  m_StaticEditorFlags: 0
  m_IsActive: 0
--- !u!224 &1452945627
RectTransform:
  m_ObjectHideFlags: 0
  m_PrefabParentObject: {fileID: 224438864557870054, guid: 683e40feca98f374391b042b9848daed,
    type: 2}
  m_PrefabInternal: {fileID: 0}
  m_GameObject: {fileID: 1452945626}
  m_LocalRotation: {x: -0, y: -0, z: -0, w: 1}
  m_LocalPosition: {x: 0, y: 0, z: 0}
  m_LocalScale: {x: 1, y: 1, z: 1}
  m_Children:
  - {fileID: 1813174858}
  m_Father: {fileID: 828999723}
  m_RootOrder: 9
  m_LocalEulerAnglesHint: {x: 0, y: 0, z: 0}
  m_AnchorMin: {x: 0.34633332, y: 0.016256373}
  m_AnchorMax: {x: 0.64500004, y: 0.05924738}
  m_AnchoredPosition: {x: 0, y: 0}
  m_SizeDelta: {x: 0, y: 0}
  m_Pivot: {x: 0.5, y: 0.5}
--- !u!114 &1452945628
MonoBehaviour:
  m_ObjectHideFlags: 0
  m_PrefabParentObject: {fileID: 114066455942466704, guid: 683e40feca98f374391b042b9848daed,
    type: 2}
  m_PrefabInternal: {fileID: 0}
  m_GameObject: {fileID: 1452945626}
  m_Enabled: 1
  m_EditorHideFlags: 0
  m_Script: {fileID: 1392445389, guid: f70555f144d8491a825f0804e09c671c, type: 3}
  m_Name: 
  m_EditorClassIdentifier: 
  m_Navigation:
    m_Mode: 3
    m_SelectOnUp: {fileID: 0}
    m_SelectOnDown: {fileID: 0}
    m_SelectOnLeft: {fileID: 0}
    m_SelectOnRight: {fileID: 0}
  m_Transition: 1
  m_Colors:
    m_NormalColor: {r: 1, g: 1, b: 1, a: 1}
    m_HighlightedColor: {r: 0.9607843, g: 0.9607843, b: 0.9607843, a: 1}
    m_PressedColor: {r: 0.78431374, g: 0.78431374, b: 0.78431374, a: 1}
    m_DisabledColor: {r: 0.78431374, g: 0.78431374, b: 0.78431374, a: 0}
    m_ColorMultiplier: 1
    m_FadeDuration: 0.1
  m_SpriteState:
    m_HighlightedSprite: {fileID: 0}
    m_PressedSprite: {fileID: 0}
    m_DisabledSprite: {fileID: 0}
  m_AnimationTriggers:
    m_NormalTrigger: Normal
    m_HighlightedTrigger: Highlighted
    m_PressedTrigger: Pressed
    m_DisabledTrigger: Disabled
  m_Interactable: 1
  m_TargetGraphic: {fileID: 1452945629}
  m_OnClick:
    m_PersistentCalls:
      m_Calls:
      - m_Target: {fileID: 1269657411}
        m_MethodName: QuitQuizInMiddle
        m_Mode: 1
        m_Arguments:
          m_ObjectArgument: {fileID: 0}
          m_ObjectArgumentAssemblyTypeName: UnityEngine.Object, UnityEngine
          m_IntArgument: 0
          m_FloatArgument: 0
          m_StringArgument: 
          m_BoolArgument: 0
        m_CallState: 2
    m_TypeName: UnityEngine.UI.Button+ButtonClickedEvent, UnityEngine.UI, Version=1.0.0.0,
      Culture=neutral, PublicKeyToken=null
--- !u!114 &1452945629
MonoBehaviour:
  m_ObjectHideFlags: 0
  m_PrefabParentObject: {fileID: 114160090213498982, guid: 683e40feca98f374391b042b9848daed,
    type: 2}
  m_PrefabInternal: {fileID: 0}
  m_GameObject: {fileID: 1452945626}
  m_Enabled: 1
  m_EditorHideFlags: 0
  m_Script: {fileID: -765806418, guid: f70555f144d8491a825f0804e09c671c, type: 3}
  m_Name: 
  m_EditorClassIdentifier: 
  m_Material: {fileID: 0}
  m_Color: {r: 1, g: 1, b: 1, a: 1}
  m_RaycastTarget: 1
  m_OnCullStateChanged:
    m_PersistentCalls:
      m_Calls: []
    m_TypeName: UnityEngine.UI.MaskableGraphic+CullStateChangedEvent, UnityEngine.UI,
      Version=1.0.0.0, Culture=neutral, PublicKeyToken=null
  m_Sprite: {fileID: 21300000, guid: 85db645f56510df468d6c7fe9c40e719, type: 3}
  m_Type: 1
  m_PreserveAspect: 0
  m_FillCenter: 1
  m_FillMethod: 4
  m_FillAmount: 1
  m_FillClockwise: 1
  m_FillOrigin: 0
--- !u!222 &1452945630
CanvasRenderer:
  m_ObjectHideFlags: 0
  m_PrefabParentObject: {fileID: 222113921767958288, guid: 683e40feca98f374391b042b9848daed,
    type: 2}
  m_PrefabInternal: {fileID: 0}
  m_GameObject: {fileID: 1452945626}
--- !u!1001 &1470342900
Prefab:
  m_ObjectHideFlags: 0
  serializedVersion: 2
  m_Modification:
    m_TransformParent: {fileID: 1403488176}
    m_Modifications:
    - target: {fileID: 114280443658708620, guid: eba7c99010aceb94ea8163645d764871,
        type: 2}
      propertyPath: m_OnClick.m_PersistentCalls.m_Calls.Array.size
      value: 1
      objectReference: {fileID: 0}
    - target: {fileID: 224736569557047876, guid: eba7c99010aceb94ea8163645d764871,
        type: 2}
      propertyPath: m_LocalPosition.x
      value: 0
      objectReference: {fileID: 0}
    - target: {fileID: 224736569557047876, guid: eba7c99010aceb94ea8163645d764871,
        type: 2}
      propertyPath: m_LocalPosition.y
      value: 0
      objectReference: {fileID: 0}
    - target: {fileID: 224736569557047876, guid: eba7c99010aceb94ea8163645d764871,
        type: 2}
      propertyPath: m_LocalPosition.z
      value: 0
      objectReference: {fileID: 0}
    - target: {fileID: 224736569557047876, guid: eba7c99010aceb94ea8163645d764871,
        type: 2}
      propertyPath: m_LocalRotation.x
      value: -0
      objectReference: {fileID: 0}
    - target: {fileID: 224736569557047876, guid: eba7c99010aceb94ea8163645d764871,
        type: 2}
      propertyPath: m_LocalRotation.y
      value: -0
      objectReference: {fileID: 0}
    - target: {fileID: 224736569557047876, guid: eba7c99010aceb94ea8163645d764871,
        type: 2}
      propertyPath: m_LocalRotation.z
      value: -0
      objectReference: {fileID: 0}
    - target: {fileID: 224736569557047876, guid: eba7c99010aceb94ea8163645d764871,
        type: 2}
      propertyPath: m_LocalRotation.w
      value: 1
      objectReference: {fileID: 0}
    - target: {fileID: 224736569557047876, guid: eba7c99010aceb94ea8163645d764871,
        type: 2}
      propertyPath: m_RootOrder
      value: 2
      objectReference: {fileID: 0}
    - target: {fileID: 224736569557047876, guid: eba7c99010aceb94ea8163645d764871,
        type: 2}
      propertyPath: m_AnchoredPosition.x
      value: 0
      objectReference: {fileID: 0}
    - target: {fileID: 224736569557047876, guid: eba7c99010aceb94ea8163645d764871,
        type: 2}
      propertyPath: m_AnchoredPosition.y
      value: 0
      objectReference: {fileID: 0}
    - target: {fileID: 224736569557047876, guid: eba7c99010aceb94ea8163645d764871,
        type: 2}
      propertyPath: m_SizeDelta.x
      value: 0
      objectReference: {fileID: 0}
    - target: {fileID: 224736569557047876, guid: eba7c99010aceb94ea8163645d764871,
        type: 2}
      propertyPath: m_SizeDelta.y
      value: 0
      objectReference: {fileID: 0}
    - target: {fileID: 224736569557047876, guid: eba7c99010aceb94ea8163645d764871,
        type: 2}
      propertyPath: m_AnchorMin.x
      value: 0.24825926
      objectReference: {fileID: 0}
    - target: {fileID: 224736569557047876, guid: eba7c99010aceb94ea8163645d764871,
        type: 2}
      propertyPath: m_AnchorMin.y
      value: 0.098164566
      objectReference: {fileID: 0}
    - target: {fileID: 224736569557047876, guid: eba7c99010aceb94ea8163645d764871,
        type: 2}
      propertyPath: m_AnchorMax.x
      value: 0.749426
      objectReference: {fileID: 0}
    - target: {fileID: 224736569557047876, guid: eba7c99010aceb94ea8163645d764871,
        type: 2}
      propertyPath: m_AnchorMax.y
      value: 0.25074685
      objectReference: {fileID: 0}
    - target: {fileID: 224736569557047876, guid: eba7c99010aceb94ea8163645d764871,
        type: 2}
      propertyPath: m_Pivot.x
      value: 0.5
      objectReference: {fileID: 0}
    - target: {fileID: 224736569557047876, guid: eba7c99010aceb94ea8163645d764871,
        type: 2}
      propertyPath: m_Pivot.y
      value: 0.5
      objectReference: {fileID: 0}
    - target: {fileID: 1161525402109162, guid: eba7c99010aceb94ea8163645d764871, type: 2}
      propertyPath: m_Name
      value: Return To Menu
      objectReference: {fileID: 0}
    - target: {fileID: 114200059284151226, guid: eba7c99010aceb94ea8163645d764871,
        type: 2}
      propertyPath: m_Text
      value: Done
      objectReference: {fileID: 0}
    - target: {fileID: 114280443658708620, guid: eba7c99010aceb94ea8163645d764871,
        type: 2}
      propertyPath: m_OnClick.m_PersistentCalls.m_Calls.Array.data[0].m_Mode
      value: 1
      objectReference: {fileID: 0}
    - target: {fileID: 114280443658708620, guid: eba7c99010aceb94ea8163645d764871,
        type: 2}
      propertyPath: m_OnClick.m_PersistentCalls.m_Calls.Array.data[0].m_CallState
      value: 2
      objectReference: {fileID: 0}
    - target: {fileID: 114280443658708620, guid: eba7c99010aceb94ea8163645d764871,
        type: 2}
      propertyPath: m_OnClick.m_PersistentCalls.m_Calls.Array.data[0].m_Target
      value: 
      objectReference: {fileID: 1403488180}
    - target: {fileID: 114280443658708620, guid: eba7c99010aceb94ea8163645d764871,
        type: 2}
      propertyPath: m_OnClick.m_PersistentCalls.m_Calls.Array.data[0].m_MethodName
      value: ReturnToMenu
      objectReference: {fileID: 0}
    - target: {fileID: 114280443658708620, guid: eba7c99010aceb94ea8163645d764871,
        type: 2}
      propertyPath: m_OnClick.m_PersistentCalls.m_Calls.Array.data[0].m_Arguments.m_ObjectArgumentAssemblyTypeName
      value: UnityEngine.Object, UnityEngine
      objectReference: {fileID: 0}
    - target: {fileID: 1161525402109162, guid: eba7c99010aceb94ea8163645d764871, type: 2}
      propertyPath: m_IsActive
      value: 0
      objectReference: {fileID: 0}
    m_RemovedComponents: []
  m_ParentPrefab: {fileID: 100100000, guid: eba7c99010aceb94ea8163645d764871, type: 2}
  m_IsPrefabParent: 0
--- !u!224 &1470342901 stripped
RectTransform:
  m_PrefabParentObject: {fileID: 224736569557047876, guid: eba7c99010aceb94ea8163645d764871,
    type: 2}
  m_PrefabInternal: {fileID: 1470342900}
--- !u!114 &1470342902 stripped
MonoBehaviour:
  m_PrefabParentObject: {fileID: 114280443658708620, guid: eba7c99010aceb94ea8163645d764871,
    type: 2}
  m_PrefabInternal: {fileID: 1470342900}
  m_Script: {fileID: 1392445389, guid: f70555f144d8491a825f0804e09c671c, type: 3}
--- !u!224 &1636212230 stripped
RectTransform:
  m_PrefabParentObject: {fileID: 224407164272354816, guid: 683e40feca98f374391b042b9848daed,
    type: 2}
  m_PrefabInternal: {fileID: 1043083493}
--- !u!1 &1813174857
GameObject:
  m_ObjectHideFlags: 0
  m_PrefabParentObject: {fileID: 1451879629961674, guid: 683e40feca98f374391b042b9848daed,
    type: 2}
  m_PrefabInternal: {fileID: 0}
  serializedVersion: 5
  m_Component:
  - component: {fileID: 1813174858}
  - component: {fileID: 1813174860}
  - component: {fileID: 1813174859}
  m_Layer: 5
  m_Name: Text
  m_TagString: Untagged
  m_Icon: {fileID: 0}
  m_NavMeshLayer: 0
  m_StaticEditorFlags: 0
  m_IsActive: 1
--- !u!224 &1813174858
RectTransform:
  m_ObjectHideFlags: 0
  m_PrefabParentObject: {fileID: 224053849355037150, guid: 683e40feca98f374391b042b9848daed,
    type: 2}
  m_PrefabInternal: {fileID: 0}
  m_GameObject: {fileID: 1813174857}
  m_LocalRotation: {x: 0, y: 0, z: 0, w: 1}
  m_LocalPosition: {x: 0, y: 0, z: 0}
  m_LocalScale: {x: 1, y: 1, z: 1}
  m_Children: []
  m_Father: {fileID: 1452945627}
  m_RootOrder: 0
  m_LocalEulerAnglesHint: {x: 0, y: 0, z: 0}
  m_AnchorMin: {x: 0.031249998, y: 0.13333333}
  m_AnchorMax: {x: 0.96875, y: 0.8666667}
  m_AnchoredPosition: {x: 0, y: 0}
  m_SizeDelta: {x: 0, y: 0}
  m_Pivot: {x: 0.5, y: 0.5}
--- !u!114 &1813174859
MonoBehaviour:
  m_ObjectHideFlags: 0
  m_PrefabParentObject: {fileID: 114810306737850186, guid: 683e40feca98f374391b042b9848daed,
    type: 2}
  m_PrefabInternal: {fileID: 0}
  m_GameObject: {fileID: 1813174857}
  m_Enabled: 1
  m_EditorHideFlags: 0
  m_Script: {fileID: 708705254, guid: f70555f144d8491a825f0804e09c671c, type: 3}
  m_Name: 
  m_EditorClassIdentifier: 
  m_Material: {fileID: 0}
  m_Color: {r: 1, g: 1, b: 1, a: 1}
  m_RaycastTarget: 1
  m_OnCullStateChanged:
    m_PersistentCalls:
      m_Calls: []
    m_TypeName: UnityEngine.UI.MaskableGraphic+CullStateChangedEvent, UnityEngine.UI,
      Version=1.0.0.0, Culture=neutral, PublicKeyToken=null
  m_FontData:
    m_Font: {fileID: 10102, guid: 0000000000000000e000000000000000, type: 0}
    m_FontSize: 14
    m_FontStyle: 1
    m_BestFit: 1
    m_MinSize: 10
    m_MaxSize: 40
    m_Alignment: 4
    m_AlignByGeometry: 0
    m_RichText: 1
    m_HorizontalOverflow: 0
    m_VerticalOverflow: 0
    m_LineSpacing: 1
  m_Text: Quit
--- !u!222 &1813174860
CanvasRenderer:
  m_ObjectHideFlags: 0
  m_PrefabParentObject: {fileID: 222740121789691918, guid: 683e40feca98f374391b042b9848daed,
    type: 2}
  m_PrefabInternal: {fileID: 0}
  m_GameObject: {fileID: 1813174857}
--- !u!1 &2074826360
GameObject:
  m_ObjectHideFlags: 0
  m_PrefabParentObject: {fileID: 0}
  m_PrefabInternal: {fileID: 0}
  serializedVersion: 5
  m_Component:
  - component: {fileID: 2074826361}
  - component: {fileID: 2074826362}
  m_Layer: 5
  m_Name: Panel Manager
  m_TagString: Untagged
  m_Icon: {fileID: 0}
  m_NavMeshLayer: 0
  m_StaticEditorFlags: 0
  m_IsActive: 1
--- !u!224 &2074826361
RectTransform:
  m_ObjectHideFlags: 0
  m_PrefabParentObject: {fileID: 0}
  m_PrefabInternal: {fileID: 0}
  m_GameObject: {fileID: 2074826360}
  m_LocalRotation: {x: 0, y: 0, z: 0, w: 1}
  m_LocalPosition: {x: 0, y: 0, z: 0}
  m_LocalScale: {x: 1, y: 1, z: 1}
  m_Children:
  - {fileID: 586451814}
  - {fileID: 828999723}
  - {fileID: 1403488176}
  m_Father: {fileID: 786679489}
  m_RootOrder: 0
  m_LocalEulerAnglesHint: {x: 0, y: 0, z: 0}
  m_AnchorMin: {x: 0, y: 0}
  m_AnchorMax: {x: 1, y: 1}
  m_AnchoredPosition: {x: 0.000015259, y: 0}
  m_SizeDelta: {x: 0.000030518, y: 0}
  m_Pivot: {x: 0.5, y: 0.5}
--- !u!114 &2074826362
MonoBehaviour:
  m_ObjectHideFlags: 0
  m_PrefabParentObject: {fileID: 0}
  m_PrefabInternal: {fileID: 0}
  m_GameObject: {fileID: 2074826360}
  m_Enabled: 1
  m_EditorHideFlags: 0
  m_Script: {fileID: 11500000, guid: d963134a12182134fb5a2a26740a1de4, type: 3}
  m_Name: 
  m_EditorClassIdentifier: 
  mainMenu: {fileID: 586451815}
  quizView: {fileID: 1269657411}
  fingerQuiz: {fileID: 0}
  resultsPanel: {fileID: 1403488180}
--- !u!1 &2113723453
GameObject:
  m_ObjectHideFlags: 0
  m_PrefabParentObject: {fileID: 0}
  m_PrefabInternal: {fileID: 0}
  serializedVersion: 5
  m_Component:
  - component: {fileID: 2113723454}
  - component: {fileID: 2113723456}
  - component: {fileID: 2113723455}
  m_Layer: 5
  m_Name: Incorrect Text
  m_TagString: Untagged
  m_Icon: {fileID: 0}
  m_NavMeshLayer: 0
  m_StaticEditorFlags: 0
  m_IsActive: 1
--- !u!224 &2113723454
RectTransform:
  m_ObjectHideFlags: 0
  m_PrefabParentObject: {fileID: 0}
  m_PrefabInternal: {fileID: 0}
  m_GameObject: {fileID: 2113723453}
  m_LocalRotation: {x: -0, y: -0, z: -0, w: 1}
  m_LocalPosition: {x: 0, y: 0, z: 0}
  m_LocalScale: {x: 1, y: 1, z: 1}
  m_Children: []
  m_Father: {fileID: 926680022}
  m_RootOrder: 2
  m_LocalEulerAnglesHint: {x: 0, y: 0, z: 0}
  m_AnchorMin: {x: 0.041336283, y: 0.61688024}
  m_AnchorMax: {x: 0.98031604, y: 0.88232124}
  m_AnchoredPosition: {x: 0, y: 0}
  m_SizeDelta: {x: 0, y: 0}
  m_Pivot: {x: 0.5, y: 0.5}
--- !u!114 &2113723455
MonoBehaviour:
  m_ObjectHideFlags: 0
  m_PrefabParentObject: {fileID: 0}
  m_PrefabInternal: {fileID: 0}
  m_GameObject: {fileID: 2113723453}
  m_Enabled: 1
  m_EditorHideFlags: 0
  m_Script: {fileID: 708705254, guid: f5f67c52d1564df4a8936ccd202a3bd8, type: 3}
  m_Name: 
  m_EditorClassIdentifier: 
  m_Material: {fileID: 0}
  m_Color: {r: 0.882353, g: 0.14901961, b: 0.19607845, a: 0}
  m_RaycastTarget: 0
  m_OnCullStateChanged:
    m_PersistentCalls:
      m_Calls: []
    m_TypeName: UnityEngine.UI.MaskableGraphic+CullStateChangedEvent, UnityEngine.UI,
      Version=1.0.0.0, Culture=neutral, PublicKeyToken=null
  m_FontData:
    m_Font: {fileID: 10102, guid: 0000000000000000e000000000000000, type: 0}
    m_FontSize: 14
    m_FontStyle: 1
    m_BestFit: 1
    m_MinSize: 10
    m_MaxSize: 300
    m_Alignment: 4
    m_AlignByGeometry: 0
    m_RichText: 0
    m_HorizontalOverflow: 0
    m_VerticalOverflow: 0
    m_LineSpacing: 1
  m_Text: Incorrect
--- !u!222 &2113723456
CanvasRenderer:
  m_ObjectHideFlags: 0
  m_PrefabParentObject: {fileID: 0}
  m_PrefabInternal: {fileID: 0}
  m_GameObject: {fileID: 2113723453}
